<?xml version="1.0" encoding="UTF-8"?><collection xmlns="http://www.loc.gov/MARC21/slim"><record><leader>00553nam--2200193-u-4500</leader><controlfield tag="001">000055019</controlfield><controlfield tag="002">20161230</controlfield><controlfield tag="005">20161230201051</controlfield><controlfield tag="008">121022s1000------------r-----000-0-eng-d</controlfield><datafield ind1=" " ind2=" " tag="020"><subfield code="a">9786061300853</subfield></datafield><datafield ind1=" " ind2=" " tag="040"><subfield code="a">IFIN-HH</subfield></datafield><datafield ind1=" " ind2=" " tag="080"><subfield code="a">02</subfield></datafield><datafield ind1="1" ind2=" " tag="100"><subfield code="a">Marinescu, Nicoleta</subfield></datafield><datafield ind1="1" ind2="0" tag="245"><subfield code="a">Biblioteconomie in intrebari si raspunsuri</subfield><subfield code="b">Prefata dr. maria micle; postfata elena leonte</subfield><subfield code="c">Nicoleta marinescu</subfield></datafield><datafield ind1=" " ind2=" " tag="250"><subfield code="a">Editia A Doua Revazuta Si Adaugita</subfield></datafield><datafield ind1=" " ind2=" " tag="260"><subfield code="a">Iasi</subfield><subfield code="b">Pim</subfield><subfield code="c">2010</subfield></datafield><datafield ind1=" " ind2=" " tag="300"><subfield code="a">394P</subfield></datafield><datafield ind1=" " ind2=" " tag="852"><subfield code="a">82345</subfield><subfield code="c">02</subfield></datafield><datafield ind1=" " ind2=" " tag="CAT"><subfield code="a">Sys</subfield><subfield code="c">20121022</subfield><subfield code="h">140258</subfield></datafield></record></collection>